<record><leader>00000cas a22000007a 4500</leader><controlfield tag="001">10418272</controlfield><controlfield tag="008">840215d19121949ksuwr ne      0   a0eng d</controlfield><datafield ind1=" " ind2=" " tag="010"><subfield code="a">sn 83041185 </subfield></datafield><datafield ind1=" " ind2=" " tag="040"><subfield code="a">KSH</subfield><subfield code="b">eng</subfield><subfield code="c">KSH</subfield><subfield code="d">NPT</subfield><subfield code="d">OCLCQ</subfield></datafield><datafield ind1=" " ind2=" " tag="042"><subfield code="a">msc</subfield></datafield><datafield ind1=" " ind2=" " tag="043"><subfield code="a">n-us-ks</subfield></datafield><datafield ind1="0" ind2="4" tag="245"><subfield code="a">The Wilmore news.</subfield></datafield><datafield ind1=" " ind2=" " tag="260"><subfield code="a">Wilmore, Kan. :</subfield><subfield code="b">F.C. Trillingham,</subfield><subfield code="c">1912-1949.</subfield></datafield><datafield ind1=" " ind2=" " tag="300"><subfield code="a">38 v.</subfield></datafield><datafield ind1=" " ind2=" " tag="310"><subfield code="a">Weekly</subfield></datafield><datafield ind1="0" ind2=" " tag="362"><subfield code="a">Vol. 1, no. 1 (Aug. 23, 1912)-v. 38, no. 13 (Dec. 30, 1949).</subfield></datafield><datafield ind1=" " ind2=" " tag="500"><subfield code="a">Publisher varies.</subfield></datafield><datafield ind1=" " ind2=" " tag="530"><subfield code="a">Available on microfilm from Micro Photo.</subfield></datafield><datafield ind1=" " ind2=" " tag="752"><subfield code="a">United States</subfield><subfield code="b">Kansas</subfield><subfield code="c">Comanche</subfield><subfield code="d">Wilmore.</subfield></datafield></record>